<?xml version="1.0" encoding="UTF-8"?><record xmlns="http://www.loc.gov/MARC21/slim" xmlns:cinclude="http://apache.org/cocoon/include/1.0" xmlns:zs="http://www.loc.gov/zing/srw/">
  <leader>00427nz  a2200133n  4500</leader>
  <controlfield tag="001">n  82073044 </controlfield>
  <controlfield tag="003">DLC</controlfield>
  <controlfield tag="005">19840322000000.0</controlfield>
  <controlfield tag="008">820624n| acannaab|          |a ana |||  </controlfield>
  <datafield tag="010" ind1=" " ind2=" ">
    <subfield code="a">n  82073044 </subfield>
  </datafield>
  <datafield tag="040" ind1=" " ind2=" ">
    <subfield code="a">DLC</subfield>
    <subfield code="c">DLC</subfield>
  </datafield>
  <datafield tag="110" ind1="2" ind2="0">
    <subfield code="a">Caisse nationale des retraites pour la vieillesse (France)</subfield>
  </datafield>
  <datafield tag="410" ind1="1" ind2="0">
    <subfield code="w">nna</subfield>
    <subfield code="a">France.</subfield>
    <subfield code="b">Caisse nationale des retraites pour la vieillesse</subfield>
  </datafield>
  <datafield tag="510" ind1="2" ind2="0">
    <subfield code="w">b</subfield>
    <subfield code="a">Caisse nationale d'assurances sur la vie (France)</subfield>
  </datafield>
</record>